<record><leader>00000cas a2200000 a 4500</leader><controlfield tag="001">11946715</controlfield><controlfield tag="008">850422d18891890ksuwr ne      0    0eng d</controlfield><datafield ind1=" " ind2=" " tag="010"><subfield code="a">sn 85031258 </subfield></datafield><datafield ind1=" " ind2=" " tag="040"><subfield code="a">KSH</subfield><subfield code="b">eng</subfield><subfield code="c">KSH</subfield><subfield code="d">NPT</subfield><subfield code="d">OCL</subfield><subfield code="d">OCLCQ</subfield></datafield><datafield ind1=" " ind2=" " tag="042"><subfield code="a">msc</subfield></datafield><datafield ind1="0" ind2=" " tag="130"><subfield code="a">Weekly news (Richfield, Kan.)</subfield></datafield><datafield ind1="1" ind2="4" tag="245"><subfield code="a">The weekly news.</subfield></datafield><datafield ind1="1" ind2="3" tag="246"><subfield code="a">Richfield news</subfield><subfield code="f">Aug. 10, 1889</subfield></datafield><datafield ind1=" " ind2=" " tag="260"><subfield code="a">Richfield, Kan. :</subfield><subfield code="b">H.B.M. Fulton &amp; The News Co.,</subfield><subfield code="c">1889-</subfield></datafield><datafield ind1=" " ind2=" " tag="300"><subfield code="a">v. :</subfield><subfield code="b">ill. ;</subfield><subfield code="c">55 cm.</subfield></datafield><datafield ind1=" " ind2=" " tag="310"><subfield code="a">Weekly</subfield></datafield><datafield ind1="0" ind2=" " tag="362"><subfield code="a">Vol. 1, no. 1 (Aug. 10, 1889)-</subfield></datafield><datafield ind1="1" ind2=" " tag="362"><subfield code="a">Ceased in 1890?</subfield></datafield><datafield ind1=" " ind2=" " tag="500"><subfield code="a">Published by The News Co., Nov. 23, 1889-</subfield></datafield><datafield ind1=" " ind2=" " tag="500"><subfield code="a">"Democratic."</subfield></datafield><datafield ind1=" " ind2=" " tag="752"><subfield code="a">United States</subfield><subfield code="b">Kansas</subfield><subfield code="c">Morton</subfield><subfield code="d">Richfield.</subfield></datafield></record>